@STRING{jmlr = "Journal of Machine Learning Research"}
@String{icdar = "International Conference on Document Analysis and Recognition (ICDAR)"}
@STRING{ICAFGR1996  ="Proc 2nd {IEEE} Int Conf on Automatic Face and Gesture Recognition, Killington VT, 1996"}
@STRING{IEEECSaddress="Los Alamitos, CA"}
@STRING{IEEECSpublisher="{IEEE} Computer Society Press"}
@STRING{IEEE="Proc IEEE"}
@String{ iccv1993 	= "Proc 4th Int Conf on Computer Vision, Berlin, Germany"}
@String{ iccv2005 	= "Proc 10th Int Conf on Computer Vision, Beijing, China, Oct 15-21"}
@String{ iccv2009 	= "Proc 12th Int Conf on Computer Vision, Kyoto, Japan, Sept 27 - Oct 4"}
@String{ iccv2011 	= "Proc 13th Int Conf on Computer Vision, Barcelona, Spain"}
@String{ iccv2013 	= "Proc 14th Int Conf on Computer Vision, Sydney, Australia"}
@String{ iccv2015 	= "Proc 15th Int Conf on Computer Vision, Santiago, Chile"}
@String{ iccv8 	= "Proc 8th Int Conf on Computer Vision, Vancouver, Canada, July"}
@String{ icip1997 	= "Proc 4th Int Conf on Image Processing, Santa Barbara, CA, USA"}
@String{ icip1999 	= "Proc 6th Int Conf on Image Processing, Kobe, Japan, October"}
@String{ icip2004 	= "Proc Int Conf on Image Processing, Singapore, October 24-27"}
@String{ icip2010 	= "Proc {IEEE} Int Conf on Image Processing {{ICIP}}, Hong Kong, September 26-29"}
@String{ icarcv2 	= "Proc 2nd Int Conf Automation, Robotics and Computer Vision"}
@String{ iccv3 	= "Proc 3rd Int Conf on Computer Vision, Osaka"}
@String{ iccv5 	= "Proc 5th Int Conf on Computer Vision, Boston"}
@STRING{ICCV2003 ="Proc 9th Int Conf on Computer Vision, Nice, France, Oct 13-16"}
@String{ icafgr 	= "Proc of the {IEEE} Conf on Automatic Face and Gesture Recognition"}
@String{ fg2006 	= "Proc of the {IEEE} Conf on Automatic Face and Gesture Recognition, Southampton, UK"}
@String{ psychofg2006 	= "Proc of the Workshop on Psychology of Face and Gesture Recognition, in conjunction with {IEEE} FG2006, Southampton, UK"}
@String{accv = "Proc {A}sian Conf on Computer Vision"}
@String{accv2006 = "Proc 7th {A}sian Conf on Computer Vision ({ACCV}), {H}yderabad, {I}ndia, {J}an 13--16"}
@String{ eccv3 	= "Proc 3rd European Conf on Computer Vision, Stockholm"}
@String{ eccv8 	= "Proc 9th European Conf on Computer Vision, Prague, Czech Republic"}
@String{ eccv9 	= "Proc 9th European Conf on Computer Vision, Graz, Austria"}
@String{ eccv2 	= "Proc 2nd European Conf on Computer Vision, Santa Margharita Ligure, Italy"}
@String{ eccv1 	= "Proc 1st European Conf on Computer Vision, Antibes, France"}
@String{ eccv6 	= "Proc 6th European Conf on Computer Vision, Dublin, Eire"}
@String{ eccv5 	= "Proc 5th European Conf on Computer Vision, Freiburg, Germany"}
@String{ eccv4 	= "Proc 4th European Conf on Computer Vision, Cambridge"}
@String{ iccv7 	= "Proc 7th Int Conf on Computer Vision, Kerkyra, Greece"}
@String{ iccv6 	= "Proc 6th Int Conf on Computer Vision, Bombay, India"}
@String{ isrr4 	= "Proc 4th Int Symposium on Robotics Research"}
@String{ iccv4 	= "Proc 4th Int Conf on Computer Vision, Berlin"}
@String{ harvard 	= "Harvard Robotics Laboratory"}
@String{ iccv2 	= "Proc 2nd Int Conf on Computer Vision, Tampa"}
@String{ iccv1 	= "Proc 1st Int Conf on Computer Vision, London"}
@String{ icpr 	= "Proc Int Conf on Pattern Recognition (ICPR)"}
@String{ icpr14 	= "Proc 14th Int Conf on Pattern Recognition, Brisbane, Australia"}
@String{ icpr15 	= "Proc 15th Int Conf on Pattern Recognition, Barcelona, Spain"}
@String{ pieee 	= "Proc of the {IEEE}"}
@String{ icra 	= "Proc {IEEE} Int Conf on Robotics and Automation"}
@String{ icpr11 	= "Proc 11th Int Conf on Pattern Recognition, The Hague, Netherlands"}
@String{ icpr12 	= "Proc 12th Int Conf on Pattern Recognition, Jerusalem, Isreal"}
@String{ icpr13 	= "Proc 13th Int Conf on Pattern Recognition, Vienna, Austria"}
@String{ ijcv 	= "Int Journal of Computer Vision"}
@String{ smc 	= "IEEE Transactions on Systems, Man, and Cybernetics"}
@String{ ijrr 	= "Int Journal of Robotics Research"}
@STRING{BMVC90 = "Proc 1st British Machine Vision Conf, Oxford"}
@String{ bmvc1997 	= "Proc 8th British Machine Vision Conf, Colchester"}
@String{ icpr1998 	= "Proc 14th Int Conf on Pattern Recognition, Brisbane, Australia"}
@String{ avc1989 	= "Proc 5th Alvey Vision Conf"}
@String{ icpr1992 	= "Proc 11th Int Conf on Pattern Recognition, The Hague, Netherlands"}
@String{ icpr1994 	= "Proc 12th Int Conf on Pattern Recognition, Jerusalem, Isreal"}
@String{ cvpr 	= "Proc of the {IEEE} Conf on Computer Vision and Pattern Recognition"}
@STRING{CVPR1993 ="Proc {IEEE} Conf on Computer Vision and Pattern Recognition, New York NY,      June      "}
@STRING{CVPR1994 ="Proc {IEEE} Conf on Computer Vision and Pattern Recognition, Seattle WA,       June 21-23"}
@STRING{CVPR1996 ="Proc {IEEE} Conf on Computer Vision and Pattern Recognition, San Francisco CA, June 18-20"}
@STRING{CVPR1997 ="Proc {IEEE} Conf on Computer Vision and Pattern Recognition, Puerto Rico, June 17-19"}
@STRING{CVPR1998 ="Proc {IEEE} Conf on Computer Vision and Pattern Recognition, Santa Barbara,    June 23-25"}
@STRING{CVPR1999 ="Proc {IEEE} Conf on Computer Vision and Pattern Recognition, Fort Collins CO,  June"}
@STRING{CVPR2000 ="Proc {IEEE} Conf on Computer Vision and Pattern Recognition, Hilton Head SC,   June 13-15"}
@STRING{CVPR2001 ="Proc {IEEE} Conf on Computer Vision and Pattern Recognition, Kauai HI,         Dec   8-14"}
@STRING{CVPR2003 ="Proc {IEEE} Conf on Computer Vision and Pattern Recognition, Madison WI,       June 18-20"}
@STRING{CVPR2004 ="Proc {IEEE} Conf on Computer Vision and Pattern Recognition, Washington DC,    June 17 - July 2"}
@STRING{CVPR2005 ="Proc {IEEE} Conf on Computer Vision and Pattern Recognition, San Diego CA,    June 20-25"}
@STRING{cvpr2006 ="Proc {IEEE} Conf on Computer Vision and Pattern Recognition, New York NY,    June 17-22"}
@STRING{cvpr2008 ="Proc {IEEE} Conf on Computer Vision and Pattern Recognition, Anchorage, AK,   June 24-26"}
@STRING{cvpr2009 ="Proc {IEEE} Conf on Computer Vision and Pattern Recognition, Miami Beach, FL,    June 20-25"}
@STRING{cvpr2011 ="Proc {IEEE} Conf on Computer Vision and Pattern Recognition, Colorado Springs, CO,    June 20-25"}
@STRING{cvpr2012 ="Proc {IEEE} Conf on Computer Vision and Pattern Recognition, Providence, RI,    June 16-21"}
@STRING{cvpr2013 ="Proc {IEEE} Conf on Computer Vision and Pattern Recognition, Portland, OR,  June 23-28"}
@STRING{cvpr2014 ="Proc {IEEE} Conf on Computer Vision and Pattern Recognition, Columbus, OH,  June 24-27"}
@STRING{cvpr2015 ="Proc {IEEE} Conf on Computer Vision and Pattern Recognition, Boston, MA,    June 8-10"}
@STRING{cvpr2016 ="Proc {IEEE} Conf on Computer Vision and Pattern Recognition, {Las Vegas}, NV,    June 26 - July 1"}
@STRING{cvpr2017 ="Proc 30th {IEEE} Conf on Computer Vision and Pattern Recognition, Honolulu, Hawaii,    July 21-26"}
@STRING{cvpr2018 ="Proc 30th {IEEE} Conf on Computer Vision and Pattern Recognition, Salt Lake City, UT,   June 18-22"}
@String{ icpr1996 	= "Proc 13th Int Conf on Pattern Recognition, Vienna, Austria"}
@String{ cvgipiu 	= "{CVGIP}: Image Understanding"}
@String{ ac 	= "{IEEE} Transactions on Automatic Control"}
@String{ prsl 	= "Proc of the Royal Society of London"}
@String{ ai 	= "Artificial Intelligence"}
@STRING{TSMC = "IEEE Transactions on Systems, Man, and Cybernetics"}
@String{ mva1998 	= "Proc 5th {IAPR} Workshop on Machine Vision Applications"}
@String{ mva 	= "Int Journal of Machine Vision and Applications"}
@String{ eccv1998 	= "Proc 5th European Conf on Computer Vision, Freiburg, Germany"}
@String{ icpr2000 	= "Proc 15th Int Conf on Pattern Recognition, Barcelona, Spain"}
@String{ bmvc1998 	= "Proc 9th British Machine Vision Conf, Southampton"}
@String{ pami 	= "{IEEE} Transactions on Pattern Analysis and Machine Intelligence"}
@String{ icip4 	= "Proc 4th Int Conf on Image Processing, Santa Barbara"}
@String{ ivc 	= "Image and Vision Computing"}
@String{ eccv1990 	= "Proc 1st European Conf on Computer Vision, Antibes, France"}
@String{ bmvc1996 	= "Proc 7th British Machine Vision Conf, Edinburgh"}
@String{ eccv1992 	= "Proc 2nd European Conf on Computer Vision, Santa Margharita Ligure, Italy"}
@String{ eccv2006 	= "Proc 9th European Conf on Computer Vision, Graz, Austria, May 7-13"}
@String{ eccv2008 	= "Proc 10th European Conf on Computer Vision, Marseille, France, October 12-18"}
@String{ eccv2004       = "Proc 8th European Conference on Computer Vision, Prague, May 11-14"}
@String{ eccv2002 	= "Proc 7th European Conf on Computer Vision, Copenhagen, Denmark"}
@String{ bmvc1991 	= "Proc 2nd British Machine Vision Conf, Glasgow"}
@String{ eccv2000 	= "Proc 6th European Conf on Computer Vision, Dublin, Eire"}
@String{ bmvc1993 	= "Proc 4th British Machine Vision Conf, Guildford"}
@String{ assp 	= "{IEEE} Transactions on Acoustics, Speech and Signal Processing"}
@String{ mva1996 	= "Proc 4th {IAPR} Workshop on Machine Vision Applications"}
@String{ mva1990 	= "Proc 1st {IAPR} Workshop on Machine Vision Applications"}
@String{ eccv1994 	= "Proc 3rd European Conf on Computer Vision, Stockholm"}
@String{ iros 	= "Proc {IEEE/RSJ} Conf on Intelligent Robots and Systems"}
@String{ tra 	= "{IEEE} Trans. Robotics and Automation"}
@String{ eccv 	= "Proc European Conf on Computer Vision"}
@String{ mva4 	= "Proc 4th {IAPR} Workshop on Machine Vision Applications"}
@String{ mva1994 	= "Proc 3rd {IAPR} Workshop on Machine Vision Applications"}
@String{ mva1 	= "Proc 1st {IAPR} Workshop on Machine Vision Applications"}
@String{ mva1992 	= "Proc 2nd {IAPR} Workshop on Machine Vision Applications"}
@String{ mva3 	= "Proc 3rd {IAPR} Workshop on Machine Vision Applications"}
@String{ mva2 	= "Proc 2nd {IAPR} Workshop on Machine Vision Applications"}
@String{ ijprai 	= "Int Journal of Pattern Recognition and Artificial Intelligence"}
@String{ cdc1988 	= "Proc Int Conf on Decision and Control"}
@String{ iccv1989 	= "Proc 2nd Int Conf on Computer Vision, Tampa"}
@String{ china 	= "Proc Joint Europe-China Workshop on Geometrical Modelling and Invariants for Computer Vision, Xi'an, China"}
@String{ bmvc1995 	= "Proc 6th British Machine Vision Conf, Birmingham"}
@String{ bmvc8 	= "Proc 8th British Machine Vision Conf, Colchester"}
@String{ bmvc9 	= "Proc 9th British Machine Vision Conf, Southampton"}
@String{ iccv1987 	= "Proc 1st Int Conf on Computer Vision, London"}
@String{ bmvc1 	= "Proc 1st British Machine Vision Conf, Oxford"}
@String{ bmvc2 	= "Proc 2nd British Machine Vision Conf, Glasgow"}
@String{ bmvc12 = "Proc 12th British Machine Vision Conf, Manchester"}
@String{ bmvc13 = "Proc 13th British Machine Vision Conf, Cardiff"}
@String{ bmvc2004 = "Proc 15th British Machine Vision Conf, Kingston University, London"}
@String{ bmvc2005 = "Proc 16th British Machine Vision Conf, Oxford"}
@String{ bmvc2008 = "Proc 19th British Machine Vision Conf, Leeds"}
@String{ bmvc2009 = "Proc 20th British Machine Vision Conf, London, Sept 7-10"}
@String{ bmvc2010 = "Proc 21st British Machine Vision Conf, Dundee, 29 Aug - 2 Sept"}
@String{ bmvc3 	= "Proc 3rd British Machine Vision Conf, Leeds"}
@String{ bmvc4 	= "Proc 4th British Machine Vision Conf, Guildford"}
@String{ bmvc5 	= "Proc 5th British Machine Vision Conf, York"}
@String{ bmvc6 	= "Proc 6th British Machine Vision Conf, Birmingham"}
@String{ bmvc7 	= "Proc 7th British Machine Vision Conf, Edinburgh"}
@String{ pers 	= "Photogrammetric Engineering and Remote Sensing"}
@String{ wrvs 	= "Proc IEEE Workshop on Representations of Visual Scenes, Boston"}
@String{ cviu 	= "Computer Vision and Image Understanding"}
@String{ josa 	= "Journal of the Optical Society of America"}
@String{ cvgip 	= "Computer Vision, Graphics, and Image Processing"}
@String{ bmvc1992 	= "Proc 3rd British Machine Vision Conf, Leeds"}
@String{ avc1987 	= "Proc 3rd Alvey Vision Conf, Cambridge"}
@String{ bmvc1990 	= "Proc 1st British Machine Vision Conf, Oxford"}
@String{ mva5 	= "Proc 5th {IAPR} Workshop on Machine Vision Applications"}
@String{ iccv1991 	= "Proc 3rd Int Conf on Computer Vision, Osaka"}
@String{ bmvc1994 	= "Proc 5th British Machine Vision Conf, York"}
@String{ bmvc 	= "Proc British Machine Vision Conf"}
@String{ iccv1999 	= "Proc 7th Int Conf on Computer Vision, Corfu, Greece"}
@String{ iccv1998 	= "Proc 6th Int Conf on Computer Vision, Bombay, India, January 4-7"}
@String{ avc1988 	= "Proc 4th Alvey Vision Conf, Manchester"}
@String{ jmiv 	= "Journal of Mathematical Imaging and Vision"}
@String{ wacv1994 	= "Proc 2nd IEEE Workshop on Applications of Computer Vision, Sarasota, Florida"}
@String{ wacv 	= "Proc {IEEE} Winter Conference on Applications of Computer Vision ({WACV})"}
@String{ ptrsla 	= "Philosophical Transactions of the Royal Society of London A"}
@String{ ptrslb 	= "Philosophical Transactions of the Royal Society of London B"}
@String{ isrr3 	= "Proc 3rd Int Symposium on Robotics Research"}
@String{ presence 	= "Presence: Teleoperators and Virtual Environments"}
@String{ jra 	= "{IEEE} Journal of Robotics and Automation"}
@String{ iccv1995 	= "Proc 5th Int Conf on Computer Vision, Boston, USA"}
@String{ eccv1996 	= "Proc 4th European Conf on Computer Vision, Cambridge, UK"}
@String{ nips 	= "Proc of the Neural Information Processing Systems (NIPS)"}
@String{ patrec 	= "Pattern Recognition Letters"}
@String{ icivr  = "Proc of the International Conference on Image and Video Retrieval"}
@String{ icvgip = "Proc of the Indian Conference on Computer Vision, Graphics and Image Processing"}
@String{ mm = "Proc of the {ACM} Multimedia"}
@String{ iclr = "Proc Int Conf Learning Representations ({ICLR})"}