@article{iglovikov,
  author    = {Vladimir Iglovikov and
               Sergey Mushinskiy and
               Vladimir Osin},
  title     = {Satellite Imagery Feature Detection using Deep Convolutional Neural
               Network: {A} Kaggle Competition},
  journal   = {CoRR},
  volume    = {abs/1706.06169},
  year      = {2017},
  url       = {http://arxiv.org/abs/1706.06169},
  archivePrefix = {arXiv},
  eprint    = {1706.06169},
  timestamp = {Mon, 03 Jul 2017 13:29:02 +0200},
  biburl    = {https://dblp.org/rec/bib/journals/corr/IglovikovMO17},
  bibsource = {dblp computer science bibliography, https://dblp.org}
}

@article{isic,
  author    = {Noel C. F. Codella and
               David Gutman and
               M. Emre Celebi and
               Brian Helba and
               Michael A. Marchetti and
               Stephen W. Dusza and
               Aadi Kalloo and
               Konstantinos Liopyris and
               Nabin K. Mishra and
               Harald Kittler and
               Allan Halpern},
  title     = {Skin Lesion Analysis Toward Melanoma Detection: {A} Challenge at the
               2017 International Symposium on Biomedical Imaging (ISBI), Hosted
               by the International Skin Imaging Collaboration {(ISIC)}},
  journal   = {CoRR},
  volume    = {abs/1710.05006},
  year      = {2017},
  url       = {http://arxiv.org/abs/1710.05006},
  archivePrefix = {arXiv},
  eprint    = {1710.05006},
  timestamp = {Thu, 02 Nov 2017 06:28:06 +0100},
  biburl    = {https://dblp.org/rec/bib/journals/corr/abs-1710-05006},
  bibsource = {dblp computer science bibliography, https://dblp.org}
  }

@article{leslie,
  author    = {Leslie N. Smith},
  title     = {A disciplined approach to neural network hyper-parameters: Part 1
               - learning rate, batch size, momentum, and weight decay},
  journal   = {CoRR},
  volume    = {abs/1803.09820},
  year      = {2018},
  url       = {http://arxiv.org/abs/1803.09820},
  archivePrefix = {arXiv},
  eprint    = {1803.09820},
  timestamp = {Wed, 11 Apr 2018 17:54:17 +0200},
  biburl    = {https://dblp.org/rec/bib/journals/corr/abs-1803-09820},
  bibsource = {dblp computer science bibliography, https://dblp.org}
}
@article{resnet,
  author    = {Kaiming He and
               Xiangyu Zhang and
               Shaoqing Ren and
               Jian Sun},
  title     = {Deep Residual Learning for Image Recognition},
  journal   = {CoRR},
  volume    = {abs/1512.03385},
  year      = {2015},
  url       = {http://arxiv.org/abs/1512.03385},
  archivePrefix = {arXiv},
  eprint    = {1512.03385},
  timestamp = {Wed, 07 Jun 2017 14:41:17 +0200},
  biburl    = {https://dblp.org/rec/bib/journals/corr/HeZRS15},
  bibsource = {dblp computer science bibliography, https://dblp.org}
}
@article{snapshots,
  author    = {Gao Huang and
               Yixuan Li and
               Geoff Pleiss and
               Zhuang Liu and
               John E. Hopcroft and
               Kilian Q. Weinberger},
  title     = {Snapshot Ensembles: Train 1, get {M} for free},
  journal   = {CoRR},
  volume    = {abs/1704.00109},
  year      = {2017},
  url       = {http://arxiv.org/abs/1704.00109},
  archivePrefix = {arXiv},
  eprint    = {1704.00109},
  timestamp = {Wed, 07 Jun 2017 14:41:12 +0200},
  biburl    = {https://dblp.org/rec/bib/journals/corr/HuangLPLHW17},
  bibsource = {dblp computer science bibliography, https://dblp.org}
}
@article{OpenCV,
    author = {Bradski, G.},
    citeulike-article-id = {2236121},
    journal = {Dr. Dobb's Journal of Software Tools},
    keywords = {bibtex-import},
    posted-at = {2008-01-15 19:21:54},
    priority = {4},
    title = {{The OpenCV Library}},
    year = {2000}
}
@inproceedings{bias,
  doi = {10.1109/cvpr.2011.5995347},
  url = {https://doi.org/10.1109/cvpr.2011.5995347},
  year  = {2011},
  month = {jun},
  publisher = {{IEEE}},
  author = {Antonio Torralba and Alexei A. Efros},
  title = {Unbiased look at dataset bias},
  booktitle = {{CVPR} 2011}
}

@article{pascal,
  doi = {10.1007/s11263-014-0733-5},
  url = {https://doi.org/10.1007/s11263-014-0733-5},
  year  = {2014},
  month = {jun},
  publisher = {Springer Nature},
  volume = {111},
  number = {1},
  pages = {98--136},
  author = {Mark Everingham and S. M. Ali Eslami and Luc Van Gool and Christopher K. I. Williams and John Winn and Andrew Zisserman},
  title = {The Pascal Visual Object Classes Challenge: A Retrospective},
  journal = {International Journal of Computer Vision}
}
@article{Erik,
  doi = {10.2139/ssrn.1679991},
  url = {https://doi.org/10.2139/ssrn.1679991},
  year  = {2010},
  publisher = {Elsevier {BV}},
  author = {Erik Brynjolfsson and Yu Jeffrey Hu and Michael D. Smith},
  title = {The Longer Tail: The Changing Shape of Amazon's Sales Distribution Curve},
  journal = {{SSRN} Electronic Journal}
}

@inproceedings{imagenet,
  doi = {10.1109/cvpr.2012.6248055},
  url = {https://doi.org/10.1109/cvpr.2012.6248055},
  year  = {2012},
  month = {June},
  publisher = {{IEEE}},
  author = {M. Guillaumin and V. Ferrari},
  title = {Large-scale knowledge transfer for object localization in {ImageNet}},
  booktitle = {Computer Vision and Pattern Recognition ({CVPR})}
}

@misc{ wikipedia,
   author = "{Wikipedia contributors}",
   title = "Kalman Filter --- {W}ikipedia{,} The Free Encyclopedia",
   year = "2018",
   url = "https://en.wikipedia.org/wiki/Kalman_filter",
   note = "[Online; accessada 13 de Junho de 2018]"
 }

@misc{fei,
  title={Where have we been? Where are we going?},
  author={{Fei-Fei Li} and Jia Deng},
  month = {July 26},
  year={2017},
  publisher={http://image-net.org/},
  howpublished={Slides of Talk presented at the {ILSVRC} -- Beyond ImageNet Large Scale Visual Recognition Challenge -- workshop in conjunction with {CVPR}},
  url = {http://image-net.org/challenges/talks_2017/imagenet_ilsvrc2017_v1.0.pdf},
}
@misc{karpathy,
  title={Building the Software 2.0 Stack},
  author={Andrej Karparthy},
  year={2018},
  publisher={http://figure-eight.com},
  howpublished={\url{https://www.figure-eight.com/wp-content/uploads/2018/06/TRAIN_AI_2018_Andrej_Karpathy_Tesla.pdf}},
  note = "[Online; accessada 28 de Junho de 2018]"
}


@misc{fastai,
  title={The fast.ai deep learning library, lessons, and tutorials},
  author={Howard, Jeremy and others},
  year={2018},
  publisher={GitHub},
  howpublished={\url{https://github.com/fastai/fastai}},
}

@incollection{alexnet,
title = {ImageNet Classification with Deep Convolutional Neural Networks},
author = {Alex Krizhevsky and Sutskever, Ilya and Hinton, Geoffrey E},
booktitle = {Advances in Neural Information Processing Systems 25},
editor = {F. Pereira and C. J. C. Burges and L. Bottou and K. Q. Weinberger},
pages = {1097--1105},
year = {2012},
publisher = {Curran Associates, Inc.},
url = {http://papers.nips.cc/paper/4824-imagenet-classification-with-deep-convolutional-neural-networks.pdf}
}
@book{goodfellow,
  author    = {Ian J. Goodfellow and
               Yoshua Bengio and
               Aaron C. Courville},
  title     = {Deep Learning},
  series    = {Adaptive computation and machine learning},
  publisher = {{MIT} Press},
  year      = {2016},
  url       = {http://www.deeplearningbook.org/},
  isbn      = {978-0-262-03561-3},
  timestamp = {Sat, 25 Mar 2017 00:00:00 +0100},
  biburl    = {https://dblp.org/rec/bib/books/daglib/0040158},
  bibsource = {dblp computer science bibliography, https://dblp.org}
}
@article{horn,
  title={The Devil is in the Tails: Fine-grained Classification in the Wild},
  author={Grant Van Horn and Pietro Perona},
  journal={CoRR},
  year={2017},
  volume={abs/1709.01450}
}
@article{caltech,
  added-at = {2013-02-05T00:00:00.000+0100},
  author = {Li, Fei-Fei and Fergus, Robert and Perona, Pietro},

  ee = {http://dx.doi.org/10.1016/j.cviu.2005.09.012},
  interhash = {deb4b480404bdeebdfa770c5641e978d},
  intrahash = {99e8fe1cccf0774960d3026ad87292b3},
  journal = {Computer Vision and Image Understanding},
  keywords = {dblp},
  number = 1,
  pages = {59-70},
  timestamp = {2013-02-06T11:34:15.000+0100},
  title = {Learning generative visual models from few training examples: An incremental Bayesian approach tested on 101 object categories.},
  volume = 106,
  year = 2007
}
@inproceedings{he,
  author    = {Saining Xie and
               Ross B. Girshick and
               Piotr Doll{\'{a}}r and
               Zhuowen Tu and
               Kaiming He},
  title     = {Aggregated Residual Transformations for Deep Neural Networks},
  booktitle = {Computer Vision and Pattern Recognition {CVPR}},
  address= {Honolulu, HI, USA},
  month = {July 21-26},
  pages     = {5987--5995},
  year      = {2017},
  url       = {https://doi.org/10.1109/CVPR.2017.634},
  doi       = {10.1109/CVPR.2017.634},
  timestamp = {Tue, 14 Nov 2017 09:55:57 +0100},
  biburl    = {https://dblp.org/rec/bib/conf/cvpr/XieGDTH17},
  bibsource = {dblp computer science bibliography, https://dblp.org}
}

@article{nature,
  doi = {10.1038/nature21056},
  url = {https://doi.org/10.1038/nature21056},
  year  = {2017},
  month = {jan},
  publisher = {Springer Nature},
  volume = {542},
  number = {7639},
  pages = {115--118},
  author = {Andre Esteva and Brett Kuprel and Roberto A. Novoa and Justin Ko and Susan M. Swetter and Helen M. Blau and Sebastian Thrun},
  title = {Dermatologist-level classification of skin cancer with deep neural networks},
  journal = {Nature}
}

@Book{who,
 author = {Stewart, Bernard},
 title = {World cancer report 2014},
 publisher = {International Agency for Research on Cancer, {WHO} Press, World Health Organization},
 year = {2014},
 address = {Lyon, France and Geneva, Switzerland},
 isbn = {9789283204299}
 }

@article{olaf,
  author    = {Olaf Ronneberger and
               Philipp Fischer and
               Thomas Brox},
  title     = {{U-Net}: Convolutional Networks for Biomedical Image Segmentation},
  journal   = {CoRR},
  volume    = {abs/1505.04597},
  year      = {2015},
  url       = {http://arxiv.org/abs/1505.04597},
  archivePrefix = {arXiv},
  eprint    = {1505.04597},
  timestamp = {Wed, 07 Jun 2017 14:40:33 +0200},
  biburl    = {https://dblp.org/rec/bib/journals/corr/RonnebergerFB15},
  bibsource = {dblp computer science bibliography, https://dblp.org}
}

@inproceedings{ronneberger_etal_UNet_miccai2015,
	title = {{U-Net}: Convolutional networks for biomedical image segmentation},
	shorttitle = {U-net},
	pages = {234--241},
	booktitle = {International Conference on Medical image computing and computer-assisted intervention},
	publisher = {Springer},
	author = {Ronneberger, Olaf and Fischer, Philipp and Brox, Thomas},
	year = {2015},
	file = {1505.04597.pdf:/home/adn/.zotero/zotero/zl50calj.default/zotero/storage/QGAT59QP/1505.04597.pdf:application/pdf},
	note = {Preprint available at \href{http://arxiv.org/abs/1505.04597}{arXiv:1505.0459}}
}


@article{codella,
  author    = {Noel C. F. Codella and
               David Gutman and
               M. Emre Celebi and
               Brian Helba and
               Michael A. Marchetti and
               Stephen W. Dusza and
               Aadi Kalloo and
               Konstantinos Liopyris and
               Nabin K. Mishra and
               Harald Kittler and
               Allan Halpern},
  title     = {Skin Lesion Analysis Toward Melanoma Detection: {A} Challenge at the
               2017 International Symposium on Biomedical Imaging ({ISBI}), Hosted
               by the International Skin Imaging Collaboration {(ISIC)}},
  journal   = {CoRR},
  volume    = {abs/1710.05006},
  year      = {2017},
  url       = {http://arxiv.org/abs/1710.05006},
  archivePrefix = {arXiv},
  eprint    = {1710.05006},
  timestamp = {Thu, 02 Nov 2017 06:28:06 +0100},
  biburl    = {https://dblp.org/rec/bib/journals/corr/abs-1710-05006},
  bibsource = {dblp computer science bibliography, https://dblp.org}
}

 @article{ham,
  author    = {Philipp Tschandl and
               Cliff Rosendahl and
               Harald Kittler},
  title     = {The {HAM10000} dataset, a large collection of multi-source dermatoscopic
               images of common pigmented skin lesions},
  journal   = {Sci. Data},
  volume    = {5},
  year      = {2018},
  pages     = {180161},
  doi       = {10.1038/sdata.2018.161}
}

@article{veta_etal_mia2015,
title = "Assessment of algorithms for mitosis detection in breast cancer histopathology images ",
journal = "Medical Image Analysis ",
volume = "20",
number = "1",
pages = "237 - 248",
year = "2015",
issn = "1361-8415",
doi = "http://dx.doi.org/10.1016/j.media.2014.11.010",
author = "Mitko Veta and Paul J. van Diest and Stefan M. Willems and Haibo Wang and Anant Madabhushi and Angel Cruz-Roa and Fabio Gonzalez and Anders B.L. Larsen and Jacob S. Vestergaard and Anders B. Dahl and Dan C. Ciresan and Jurgen Schmidhuber and Alessandro Giusti and Luca M. Gambardella and F. Boray Tek and Thomas Walter and Ching-Wei Wang and Satoshi Kondo and Bogdan J. Matuszewski and Frederic Precioso and Violet Snell and Josef Kittler and Teofilo E. de Campos and Adnan M. Khan and Nasir M. Rajpoot and Evdokia Arkoumani and Miangela M. Lacle and Max A. Viergever and Josien P.W. Pluim",
keywords = "Breast cancer",
keywords = "Whole slide imaging",
keywords = "Digital pathology",
keywords = "Mitosis detection",
keywords = "Cancer grading ",
url = {http://dx.doi.org/10.1016/j.media.2014.11.010}
}

@inproceedings{howard_ruder_acl2018,
  title={Universal language model fine-tuning for text classification},
  author={Howard, Jeremy and Ruder, Sebastian},
  booktitle={Proceedings of the 56th Annual Meeting of the Association for Computational Linguistics ({ACL})},
  volume={1},
  pages={328--339},
  year={2018}
}

@article{russakovsky_etal_ILSVRC_ijcv2015,
Author = {Olga Russakovsky and Jia Deng and Hao Su and Jonathan Krause and Sanjeev Satheesh and Sean Ma and Zhiheng Huang and Andrej Karpathy and Aditya Khosla and Michael Bernstein and Alexander C. Berg and Li Fei-Fei},
Title = {{ImageNet} Large Scale Visual Recognition Challenge},
Year = {2015},
journal   = ijcv,
doi = {10.1007/s11263-015-0816-y},
volume={115},
number={3},
pages={211-252}
}
